@article{quaternionhamilton1844ii,
  title={Ii. on quaternions; or on a new system of imaginaries in algebra},
  author={Hamilton, William Rowan},
  journal={Philosophical Magazine Series 3},
  volume={25},
  number={163},
  pages={10--13},
  year={1844},
  publisher={Taylor \& Francis}
}


@misc{gearvrinputdocs,
  title={{OVRInput Unified Input API Documentation}},
  publisher={Oculus},
  howpublished = {\url{https://developer.oculus.com/documentation/unity/latest/concepts/unity-ovrinput/}},
  note = {Acessado em 2017-08-13}
}

@misc{gearvrstore,
  title={{Oculus Store para apps GearVR}},
  publisher={Oculus},
  howpublished = {\url{https://www.oculus.com/experiences/gear-vr/}},
  note = {Acessado em 2017-08-13}
}

@article{guyer2008computer,
  title={Computer algebra systems as the mathematics teaching tool},
  author={G{\"u}yer, T},
  journal={World Applied Sciences Journal},
  volume={3},
  number={1},
  pages={132--139},
  year={2008}
}

@article{shiratori2008accelerometer,
  title={Accelerometer-based user interfaces for the control of a physically simulated character},
  author={Shiratori, Takaaki and Hodgins, Jessica K},
  journal={ACM Transactions on Graphics (TOG)},
  volume={27},
  number={5},
  pages={123},
  year={2008},
  publisher={ACM}
}

@Book{Maybeck79,
  author =   {Maybeck, Peter S},
  title =    {Chapter 1, Stochastic Models, estimation and control. Mathematics in Science Engineering},
  publisher =    {Academic Press, Inc},
  year =     {1979},
  volume =  {1}
}

@BOOK{FILTERS07,
    AUTHOR = "Julius O. Smith",
    TITLE = "Introduction to Digital Filters with Audio Applications",
    PUBLISHER = "Center for Computer Research in Music and Acoustics (CCRMA),   Stanford University",
    YEAR = "2007"
}

@book{WelchBishop,
  title={An Introduction to the Kalman Filter},
  author={Welch, Greg and Bishop, Gary},
  year={1995},
  publisher={University of North Carolina, Department of Computer Science}
}

@article{GrewalAndrews,
  title={Applications of Kalman Filtering in Aerospace 1960 to the Present },
  author={MOHINDER S. GREWAL and ANGUS P. ANDREWS}
}

@article{LAARAIEDH,
  title={Implementation of Kalman Filter with Python Language },
  author={LAARAIEDH, Mohamed}
}


@inproceedings{schlomer2008gesture,
title={Gesture recognition with a Wii controller},
author={Schl{\"o}mer, Thomas and Poppinga, Benjamin and Henze, Niels and Boll, Susanne},
booktitle={Proceedings of the 2nd international conference on Tangible and embedded interaction},
pages={11--14},
year={2008},
organization={ACM}
}

@article{demkowiczkalman,
  title={KALMAN FILTERING FOR 3D REAL TIME DATA VISUALIZATION OF MULTIBEAM SONAR RECORDS},
  author={Demkiwicz, Jerzy and Moszy{\'N}Ski, Marek}
}

@book{choset2005principles,
  title={Principles of robot motion: theory, algorithms, and implementation},
  author={Choset, Howie M},
  year={2005},
  publisher={MIT press}
}

@Book{knuth:84,
  author =   {Donald E. Knuth},
  title =    {The {\TeX} Book},
  publisher =    {Addison-Wesley},
  year =     {1984},
  edition =      {15th}
}

@InCollection{boulic:91,
  author =   {R. Boulic and O. Renault},
  title =    {3D Hierarchies for Animation},
  booktitle =    {New Trends in Animation and Visualization},
  publisher =    {John Wiley {\&} Sons ltd.},
  year =     {1991},
  editor =   {Nadia Magnenat-Thalmann and Daniel Thalmann}
}

@InCollection{smith:99,
  author =   {A. Smith and B. Jones},
  title =    {On the Complexity of Computing},
  booktitle =    {Advances in Computer Science},
  pages =    {555--566},
  publisher =    {Publishing Press},
  year =     {1999},
  editor =   {A. B. Smith-Jones}
}

@book{jerald2015vr,
  title={The VR book: Human-centered design for virtual reality},
  author={Jerald, Jason},
  year={2015},
  publisher={Morgan \& Claypool}
}